@ARTICLE{bowman:reasoning,
	AUTHOR = "Mic Bowman and Saumya K. Debray and Larry L. Peterson",
	TITLE = "Reasoning About Naming Systems",
	JOURNAL = "ACM Trans. Program. Lang. Syst.",
	VOLUME = {15},
	NUMBER = {5},
	PAGES = {795-825},
	MONTH = "November",
	YEAR = {1993}	}

@ARTICLE{braams:babel,
	AUTHOR = "Johannes Braams",
	TITLE = "Babel, a Multilingual Style-Option System for Use with LaTeX's Standard Document Styles",
	JOURNAL = {TUGboat},
	VOLUME = {12},
	NUMBER = {2},
	PAGES = {291-301},
	MONTH = "June",
	YEAR = {1991}	}

@INPROCEEDINGS{clark:pct,
	AUTHOR = "Malcolm Clark",
	TITLE = "Post Congress Tristesse",
	BOOKTITLE = "TeX90 Conference Proceedings",
	PAGES = "84-89",
	ORGANIZATION = "TeX Users Group",
	MONTH = "March", 
	YEAR = {1991}	}

@ARTICLE{herlihy:methodology,
	AUTHOR = "Maurice Herlihy",
	TITLE = "A Methodology for Implementing Highly Concurrent
	Data Objects",
	JOURNAL = {ACM Trans. Program. Lang. Syst.},
	VOLUME = {15},
	NUMBER = {5},
	PAGES = {745-770},
	MONTH = "November",
	YEAR = {1993}	}

@BOOK{Lamport:LaTeX,
	AUTHOR = "Leslie Lamport",
	TITLE = "LaTeX User's Guide and Document Reference Manual",
	PUBLISHER = "Addison-Wesley Publishing Company",
	ADDRESS = "Reading, Massachusetts",
	YEAR = "1986"	}

@BOOK{salas:calculus,
	AUTHOR = "S.L. Salas and Einar Hille",
	TITLE = "Calculus: One and Several Variable",
	PUBLISHER = "John Wiley and Sons",
	ADDRESS = "New York",
	YEAR = "1978"	}



@misc{ibisworld,
  title = {Parking Lots and Garages in the US: Market Research Report},
  howpublished = {http://www.ibisworld.com/industry/default.aspx?in did=1739}
}

@misc{national,
  title = {Parking in Perspective: The size and Scope of Parking in America},
  howpublished = {http://www.npapark.org/pdfs/NPA-Size\_of\_Market\_Size\_of\_the\_United\_States\_Parking \_Market\_Final\_5-24-11.pdf}
}

@misc{lpr,
  title = {License Plate Recognition},
  howpublished = {http://www.licenseplaterecognition.com/}
}

@misc{alpr,
  title = {Automatic License Plate Recognition},
  howpublished = {http://www.motorola.com/ALPR}
}
@misc{btcycle,
  title = {Android Developers Guide},
  howpublished = {http://developer.android.com/guide/topics/connect ivity/bluetooth.html}
}